<?xml version="1.0" encoding="UTF-8"?><collection xmlns="http://www.loc.gov/MARC21/slim"><record><leader>00456nam--2200145-i-4500</leader><controlfield tag="001">000014205</controlfield><controlfield tag="002">20161230</controlfield><controlfield tag="005">20161230201030</controlfield><controlfield tag="008">060222s1000------------r-----000-0-eng-d</controlfield><datafield ind1=" " ind2=" " tag="100"><subfield code="a">Carroll, Robert</subfield></datafield><datafield ind1=" " ind2=" " tag="245"><subfield code="a">Transmutation, scattering theory and special functions</subfield></datafield><datafield ind1=" " ind2=" " tag="260"><subfield code="a">Amsterdam, North-holland Publishing Co., 1982</subfield></datafield><datafield ind1=" " ind2=" " tag="490"><subfield code="a">North-holland Mathematics Studies. Nptas De Ma Thematica</subfield></datafield><datafield ind1=" " ind2=" " tag="852"><subfield code="a">42881</subfield><subfield code="c">515/516</subfield></datafield><datafield ind1=" " ind2=" " tag="CAT"><subfield code="a">Sys</subfield><subfield code="c">20080611</subfield><subfield code="h">104922</subfield></datafield></record></collection>